@article{schwikowski,
    address = {The Institute for Systems Biology, 4225 Roosevelt Way NE, Suite 200, Seattle, WA 98105, USA.},
    author = {Schwikowski, Benno and Uetz, Peter and Fields, Stanley},
    day = {01},
    doi = {10.1038/82360},
    issn = {1087-0156},
    journal = {Nature Biotechnology},
    month = dec,
    number = {12},
    pages = {1257--1261},
    pmid = {11101803},
    posted-at = {2010-01-08 11:38:32},
    priority = {2},
    publisher = {Nature Publishing Group},
    title = {{A network of protein–protein interactions in yeast}},
    url = {http://dx.doi.org/10.1038/82360},
    volume = {18},
    year = {2000}
}

original: author = {Uetz, Peter and Giot, Loic and Cagney, Gerard and Mansfield, Traci A. and Judson, Richard S. and Knight, James R. and Lockshon, Daniel and Narayan, Vaibhav and Srinivasan, Maithreyan and Pochart, Pascale and Qureshi-Emili, Alia and Li, Ying and Godwin, Brian and Conover, Diana and Kalbfleisch, Theodore and Vijayadamodar, Govindan and Yang, Meijia and Johnston, Mark and Fields, Stanley and Rothberg, Jonathan M.},
@article{uetz,
    author = {Uetz, Peter and Giot, Loic and Cagney {\it et al.}, Gerard},
    day = {10},
    doi = {10.1038/35001009},
    issn = {0028-0836},
    journal = {Nature},
    keywords = {interactions, protein-protein, protein\_complexes, yeast},
    month = feb,
    number = {6770},
    pages = {623--627},
    pmid = {10688190},
    posted-at = {2007-10-10 20:21:01},
    priority = {2},
    publisher = {Nature Publishing Group},
    title = {{A comprehensive analysis of protein-protein interactions in Saccharomyces cerevisiae}},
    url = {http://dx.doi.org/10.1038/35001009},
    volume = {403},
    year = {2000}
}

original: author = {Kelley, Brian P. and Sharan, Roded and Karp, Richard M. and Sittler, Taylor and Root, David E. and Stockwell, Brent R. and Ideker, Trey},
@article{kelley,
    address = {Whitehead Institute for Biomedical Research, 9 Cambridge Center, Cambridge, MA 02142, USA.},
    author = {Kelley, Brian P. and Sharan, Roded and Karp {\it et al.}, Richard M.},
    day = {30},
    doi = {10.1073/pnas.1534710100},
    issn = {1091-6490},
    journal = {Proceedings of the National Academy of Sciences},
    keywords = {bacteria, conserved, network, pathway, protein, yeast},
    month = sep,
    number = {20},
    pages = {11394--11399},
    pmid = {14504397},
    posted-at = {2005-12-01 23:25:29},
    priority = {3},
    publisher = {National Academy of Sciences},
    title = {Conserved pathways within bacteria and yeast as revealed by global protein network alignment},
    url = {http://dx.doi.org/10.1073/pnas.1534710100},
    volume = {100},
    year = {2003}
}

@inproceedings{scott,
  author 	=	{Scott, Jacob and Ideker, Trey and Karp, Richard M. and Sharan, Roded},
  title 	=	{Efficient algorithms for detecting signaling pathways in protein interaction networks},
  booktitle =	{Proceedings of the 9th Annual international conference on Research in Computational Molecular Biology},
  series 	=	{RECOMB'05},
  year 		=	{2005},
  isbn 		=	{3-540-25866-3, 978-3-540-25866-7},
  location 	=	{Cambridge, MA},
  pages 	=	{1--13},
  numpages 	=	{13},
  url 		=	{http://dx.doi.org/10.1007/11415770_1},
  doi 		=	{10.1007/11415770_1},
  acmid 	= 	{2152483},
  publisher = 	{Springer-Verlag},
  address 	= 	{Berlin, Heidelberg},
}

@ARTICLE{ alon,
AUTHOR = {Noga Alon and Raphael Yuster and Uri Zwick},
TITLE = {Color-Coding},
JOURNAL = {J. ACM},
PAGES = {844-856},
YEAR = {1995},
  }
  
@inproceedings{gulsoy,
 author = {G\"{u}lsoy, G\"{u}nhan and Gandhi, Bhavik and Kahveci, Tamer},
 title = {Topology aware coloring of gene regulatory networks},
 booktitle = {Proceedings of the 2nd ACM Conference on Bioinformatics, Computational Biology and Biomedicine},
 series = {BCB '11},
 year = {2011},
 isbn = {978-1-4503-0796-3},
 location = {Chicago, Illinois},
 pages = {435--440},
 numpages = {6},
 url = {http://doi.acm.org/10.1145/2147805.2147865},
 doi = {10.1145/2147805.2147865},
 acmid = {2147865},
 publisher = {ACM},
 address = {New York, NY, USA},
}

@article{zhao,
author = {Zhao, Xing-Ming and Wang, Rui-Sheng and Chen, Luonan and Aihara, Kazuyuki}, 
title = {Uncovering signal transduction networks from high-throughput data by integer linear programming}, 
volume = {36}, 
number = {9}, 
pages = {e48}, 
year = {2008}, 
doi = {10.1093/nar/gkn145}, 
URL = {http://nar.oxfordjournals.org/content/36/9/e48.abstract}, 
eprint = {http://nar.oxfordjournals.org/content/36/9/e48.full.pdf+html}, 
journal = {Nucleic Acids Research} 
}

@article{lu,
 author = {Lu, Songjian and Zhang, Fenghui and Chen, Jianer and Sze, Sing-Hoi},
 title = {Finding Pathway Structures in Protein Interaction Networks},
 journal = {Algorithmica},
 issue_date = {August 2007},
 volume = {48},
 number = {4},
 month = aug,
 year = {2007},
 issn = {0178-4617},
 pages = {363--374},
 numpages = {12},
 url = {http://dx.doi.org/10.1007/s00453-007-0155-7},
 doi = {10.1007/s00453-007-0155-7},
 acmid = {1284242},
 publisher = {Springer-Verlag New York, Inc.},
 address = {Secaucus, NJ, USA},
}

@Article{shlomi,
AUTHOR = {Shlomi, Tomer and Segal, Daniel and Ruppin, Eytan and Sharan, Roded},
TITLE = {QPath: a method for querying pathways in a protein-protein interaction network},
JOURNAL = {BMC Bioinformatics},
VOLUME = {7},
YEAR = {2006},
NUMBER = {1},
PAGES = {199},
URL = {http://www.biomedcentral.com/1471-2105/7/199},
DOI = {10.1186/1471-2105-7-199},
PubMedID = {16606460},
ISSN = {1471-2105}
}

original: AUTHOR = {Steffen, Martin and Petti, Allegra and Aach, John and D'haeseleer, Patrik and Church, George},
@Article{steffen,
AUTHOR = {Steffen, Martin and Petti, Allegra and Aach {\it et al.}, John},
TITLE = {Automated modelling of signal transduction networks},
JOURNAL = {BMC Bioinformatics},
VOLUME = {3},
YEAR = {2002},
NUMBER = {1},
PAGES = {34},
URL = {http://www.biomedcentral.com/1471-2105/3/34},
DOI = {10.1186/1471-2105-3-34},
PubMedID = {12413400},
ISSN = {1471-2105}
}

@Article{bebek,
AUTHOR = {Bebek, Gurkan and Yang, Jiong},
TITLE = {PathFinder: mining signal transduction pathway segments from protein-protein interaction networks},
JOURNAL = {BMC Bioinformatics},
VOLUME = {8},
YEAR = {2007},
NUMBER = {1},
PAGES = {335},
URL = {http://www.biomedcentral.com/1471-2105/8/335},
DOI = {10.1186/1471-2105-8-335},
PubMedID = {17854489},
ISSN = {1471-2105},
}

@article{gitter,
author = {Gitter, Anthony and Klein-Seetharaman, Judith and Gupta, Anupam and Bar-Joseph, Ziv}, 
title = {Discovering pathways by orienting edges in protein interaction networks}, 
volume = {39}, 
number = {4}, 
pages = {e22}, 
year = {2011}, 
doi = {10.1093/nar/gkq1207}, 
URL = {http://nar.oxfordjournals.org/content/39/4/e22.abstract}, 
eprint = {http://nar.oxfordjournals.org/content/39/4/e22.full.pdf+html}, 
journal = {Nucleic Acids Research} 
}

original: author    = {Banu Dost and
               Tomer Shlomi and
               Nitin Gupta and
               Eytan Ruppin and
               Vineet Bafna and
               Roded Sharan},
@article{dost,
  author    = {Banu Dost and
               Tomer Shlomi and
               Nitin Gupta {\it et al.}},
  title     = {QNet: A Tool for Querying Protein Interaction Networks},
  journal   = {Journal of Computational Biology},
  volume    = {15},
  number    = {7},
  year      = {2008},
  pages     = {913-925},
  ee        = {http://dx.doi.org/10.1089/cmb.2007.0172},
  bibsource = {DBLP, http://dblp.uni-trier.de}
}


@book{dong,
  title={Chromatic Polynomials And Chromaticity of Graphs},
  author={Dong, F.M. and Koh, K.M. and Teo, K.L.},
  isbn={9789812563170},
  lccn={2006295259},
  url={http://books.google.com/books?id=bvhpExuQcq8C},
  year={2005},
  publisher={World Scientific Pub.}
}


original: author    = {Andrew Chatr-aryamontri and
               Arnaud Ceol and
               Luisa Montecchi-Palazzi and
               Giuliano Nardelli and
               Maria Victoria Schneider and
               Luisa Castagnoli and
               Gianni Cesareni},
@article{mint1,
  author    = {Andrew Chatr-aryamontri and
               Arnaud Ceol and
               Luisa Montecchi-Palazzi {\it et al.}},
  title     = {MINT: the Molecular INTeraction database},
  journal   = {Nucleic Acids Research},
  volume    = {35},
  number    = {Database-Issue},
  year      = {2007},
  pages     = {572-574},
  ee        = {http://dx.doi.org/10.1093/nar/gkl950},
  bibsource = {DBLP, http://dblp.uni-trier.de}
}


original: author = {Ceol, Arnaud and Chatr Aryamontri, Andrew and Licata, Luana and Peluso, Daniele and Briganti, Leonardo and Perfetto, Livia and Castagnoli, Luisa and Cesareni, Gianni},
@article{mint2,
author = {Ceol, Arnaud and Chatr Aryamontri, Andrew and Licata {\it et al.}, Luana}, 
title = {MINT, the molecular interaction database: 2009 update}, 
volume = {38}, 
number = {suppl 1}, 
pages = {D532-D539}, 
year = {2010}, 
doi = {10.1093/nar/gkp983}, 
URL = {http://nar.oxfordjournals.org/content/38/suppl_1/D532.abstract}, 
eprint = {http://nar.oxfordjournals.org/content/38/suppl_1/D532.full.pdf+html}, 
journal = {Nucleic Acids Research} 
}


original: author = {Ashburner, M. and Ball, C. A. and Blake, J. A. and Botstein, D. and Butler, H. and Cherry, J. M. and Davis, A. P. and Dolinski, K. and Dwight, S. S. and Eppig, J. T. and Harris, M. A. and Hill, D. P. and Issel-Tarver, L. and Kasarskis, A. and Lewis, S. and Matese, J. C. and Richardson, J. E. and Ringwald, M. and Rubin, G. M. and Sherlock, G.},
@article{go,
    address = {Department of Genetics, Stanford University School of Medicine, California, USA. cherry@stanford.edu},
    author = {Ashburner, M. and Ball, C. A. and Blake {\it et al.}, J. A.},
    day = {01},
    doi = {10.1038/75556},
    issn = {1061-4036},
    journal = {Nature genetics},
    keywords = {ontology},
    month = may,
    number = {1},
    pages = {25--29},
    pmcid = {PMC3037419},
    pmid = {10802651},
    posted-at = {2007-02-15 06:27:24},
    priority = {2},
    publisher = {Nature Publishing Group},
    title = {{Gene ontology: tool for the unification of biology. The Gene Ontology Consortium.}},
    url = {http://dx.doi.org/10.1038/75556},
    volume = {25},
    year = {2000}
}


